<record><leader>00000cas a2200000 a 4500</leader><controlfield tag="001">12228965</controlfield><controlfield tag="008">850703d18841887ksuwr ne      0    0eng d</controlfield><datafield ind1=" " ind2=" " tag="010"><subfield code="a">sn 85030636 </subfield></datafield><datafield ind1=" " ind2=" " tag="040"><subfield code="a">KSH</subfield><subfield code="b">eng</subfield><subfield code="c">KSH</subfield><subfield code="d">NPT</subfield><subfield code="d">OCL</subfield><subfield code="d">OCLCQ</subfield></datafield><datafield ind1=" " ind2=" " tag="042"><subfield code="a">msc</subfield></datafield><datafield ind1="0" ind2=" " tag="130"><subfield code="a">Saratoga sun (Saratoga, Kan.)</subfield></datafield><datafield ind1="1" ind2="4" tag="245"><subfield code="a">The Saratoga sun.</subfield></datafield><datafield ind1=" " ind2=" " tag="260"><subfield code="a">Saratoga, Kan. :</subfield><subfield code="b">Capps &amp; Albaugh</subfield></datafield><datafield ind1=" " ind2=" " tag="300"><subfield code="a">v. :</subfield><subfield code="b">ill. ;</subfield><subfield code="c">54 cm.</subfield></datafield><datafield ind1=" " ind2=" " tag="310"><subfield code="a">Weekly</subfield></datafield><datafield ind1="1" ind2=" " tag="362"><subfield code="a">Began in 1884.</subfield><subfield code="z">Cf. Rowell, 1886.</subfield></datafield><datafield ind1="1" ind2=" " tag="362"><subfield code="a">Ceased with Dec. 21, 1887 issue?</subfield></datafield><datafield ind1=" " ind2=" " tag="500"><subfield code="a">Published by: Albaugh &amp; Hupp, Sept. 10, 1885-May 18, 1887; J.K. Hupp, May 25-Dec. 21, 1887.</subfield></datafield><datafield ind1=" " ind2=" " tag="500"><subfield code="a">Republican.</subfield></datafield><datafield ind1=" " ind2=" " tag="525"><subfield code="a">Supplements included.</subfield></datafield><datafield ind1=" " ind2=" " tag="588"><subfield code="a">Description based on: Vol. 1, no. 46 (Mar. 5, 1885).</subfield></datafield><datafield ind1=" " ind2=" " tag="752"><subfield code="a">United States</subfield><subfield code="b">Kansas</subfield><subfield code="c">Pratt</subfield><subfield code="d">Saratoga.</subfield></datafield><datafield ind1="0" ind2="7" tag="785"><subfield code="t">Pratt County press</subfield><subfield code="w">(DLC)sn 85030629</subfield></datafield><datafield ind1="0" ind2="7" tag="785"><subfield code="t">Pratt County republican (Pratt, Kan. : 1888)</subfield><subfield code="w">(DLC)sn 85030644</subfield></datafield></record>